@article{SNN,
    author = {M. Cook and P. U. Diehl},
    title = {Unsupervised learning of digit recognition using spike-timing-dependent plasticity},
    year = {2015},
    volume = {9},
    journal = {Frontiers in Computational Neuroscience},
    pages = {1-8},
}

@article{spike_vs_rate,
    author = {Romain Brette},
    title = {Philosophy of the Spike: Rate-Based vs. Spike-Based Theories of the Brain},
    year = {2015},
    volume = {9},
    journal = {Frontiers in Systems Neuroscience},
    pages = {1-14},
}

@article{STDP_like,
    author = {M. Beyel and N. D. Dutt and J. L. Krichmar},
    title = {Categorization and decision-making in a neurobiologically plausible spiking network using a STDP-like learning rule},
    year = {2013},
    volume = {48},
    journal = {Elsevier},
    pages = {109-124},
}

@article{object_detection_SNN,
    author = {J. Kim and Sung-Phil Kim and H. Hwang and D. Park and U. Jeong},
    title = {Object shape recognition using tactile sensor arrays by a spiking neural network with unsupervised learning},
    year = {2020},
    journal = {IEEE},
    pages = {178-183},
}

@article{LTP_D_bio,
    author = {G. Bi and M. Poo},
    title = {Synaptic modifications in cultured hippocampal neurons: dependence on spike timing, synaptic strength, and postsynaptic cell type},
    year = {1998},
    journal = {The journal of Neuroscience},
    pages = {10464-10472},
}

@article{DIET_SNN,
    author = {N. Rathi and K. Roy},
    title = {DIET-SNN: A low-latency spiking neural network with direct input encoding and threshold optimization},
    year = {2021},
    journal = {IEEE Transactions on Neural Networks and Learning Systems},
    pages = {1-9},
}

@article{Kolmogorov_Smirnov,
    author = {P. H. C. Lopes and I. Reid and P. R. Hobson},
    title = {The two-dimensional Kolmogorov-Smirnov test},
    year = {2007},
    journal = {XI International Workshop on Advanced Computing and Analysis Techniques in Physics Research},
    pages = {1-12},
}

@article{STDP_hebbian,
    author = {N.  Caporale and Y. Dan},
    title = {Spike Timing-Dependent Plasticity: A Hebbian Learning Rule},
    year = {2008},
    volume = {31},
    journal = {Annual Review of Neuroscience},
    pages = {25-46},
}

@article{Synaptic_plasticity,
    author = {M. R. Azghadi and N. Iannella and S. F. Al-Sarawi and G. Indiveri and D. Abbott},
    title = {Spike-based synaptic plasticity in Silicon: Design, implementation, application, and challenges},
    year = {2014},
    volume = {102},
    journal = {IEEE},
    pages = {717-737},
}

@article{multi_scale_STDP,
    author = {S. R. Kheradpisheh and M. Ganjtabesh and T. Masquelier},
    title = {Bio-inspired unsupervised learning of visual features leads to robust invariant object recognition},
    year = {2016},
    volume = {205},
    journal = {Neurocomputing},
    pages = {383-392},
}

@article{hardware_STDP,
    author = {G. Indiveri and E. Chicca and R. Douglas},
    title = {A VLSI Array of Low-Power Spiking Neurons and Bistable Synapses with Spike-Timing Dependent Plasticity},
    year = {2006},
    volume = {17},
    journal = {IEEE Transactions on Neural Networks},
    pages = {211-221},
}

@article{simulation_STDP,
    author = {F. Galluppi amd X. Lagorce and R. Stromatias and M. Pfeiffer and L. A. Plana and S. B. Furber and R. B. Benosman},
    title = {A framework for plasticity implementation on the SpiNNaker neural architecture},
    year = {2015},
    volume = {8},
    journal = {Frontiers in Neuroscience},
    pages = {1-20},
}